@online{artemis,
    title = {ARTEMIS Industry Association, About Us},
    author = {ARTEMIS-IA},
    url = {https://artemis-ia.eu/about_artemis.html},
    date = {2020-09-11},
}

@online{arrowhead-project-call,
    title = {332987 Arrowhead project information},
    author = {Jerker Delsing},
    url = {https://artemis-ia.eu/project/49-arrowhead.html},
    date = {2020-09-11},
}

@online{arrowhead-project-about,
    title = {Arrohead Framework, This is it},
    author = {Arrowhead~project},
    url = {https://arrowhead.eu/arrowheadframework/this-is-it},
    date = {2020-09-11},
}

@online{repo,
    title = {tmplt/ed7039e: project repository},
    author = {Viktor Sonesten, Lukas Karlsson, Ruben Asplund},
    url = {https://github.com/tmplt/ed7039e},
    date = {2020},
}

@online{nixos.org,
    title = {NixOS Linux},
    author = {NixOS},
    url = {https://nixos.org/},
    date = {2020-09-29},
}
@book{Corke2011,
author = {Corke, Peter},
doi = {10.1007/s10472-014-9440-8},
isbn = {978-3-319-54412-0},
issn = {15737470},
title = {{Robotics, Vision and Control}},
publisher = {Springer},
year = {2011}
}
@book{Spong2004,
author = {Spong, Mark W. and Hutchinson, S. and Vidyasagar, M.},
edition = {2nd edition},
title = {{Robot Dynamics and Control}},
publisher = {Wiley},
year = {2004}
}
@online{curl-bash,
title = {Detecting the use of "curl | bash" server side},
author = {"phil"},
url = {https://www.idontplaydarts.com/2016/04/detecting-curl-pipe-bash-server-side/},
date = {2020-10-15}
}